<?xml version="1.0" encoding="UTF-8" ?><marc:collection xmlns:marc="http://www.loc.gov/MARC21/slim" xmlns:xsi="http://www.w3.org/2001/XMLSchema-instance" xsi:schemaLocation="http://www.loc.gov/MARC21/slim http://www.loc.gov/standards/marcxml/schema/MARC21slim.xsd">
<marc:record><marc:leader>03396cam a2200433Ii 4500</marc:leader>
<marc:controlfield tag="001">b12600386</marc:controlfield>
<marc:controlfield tag="003">UaCaAUL</marc:controlfield><marc:controlfield tag="005">20190821030840.0</marc:controlfield><marc:controlfield tag="008">170920s1905    ua            000 0cara d</marc:controlfield><marc:datafield tag="035" ind1=" " ind2=" "><marc:subfield code="a">(OCoLC)1004393413</marc:subfield></marc:datafield><marc:datafield tag="040" ind1=" " ind2=" "><marc:subfield code="a">IPS</marc:subfield><marc:subfield code="b">eng</marc:subfield><marc:subfield code="e">rda</marc:subfield><marc:subfield code="c">IPS</marc:subfield><marc:subfield code="d">OCLCF</marc:subfield><marc:subfield code="d">MEAUC</marc:subfield></marc:datafield><marc:datafield tag="043" ind1=" " ind2=" "><marc:subfield code="a">ma-----</marc:subfield></marc:datafield><marc:datafield tag="049" ind1=" " ind2=" "><marc:subfield code="a">MAIN</marc:subfield></marc:datafield><marc:datafield tag="050" ind1=" " ind2="4"><marc:subfield code="a">PJ7745.S5</marc:subfield><marc:subfield code="b">M82x 1905</marc:subfield></marc:datafield><marc:datafield tag="066" ind1=" " ind2=" "><marc:subfield code="c">(3</marc:subfield></marc:datafield><marc:datafield tag="090" ind1=" " ind2=" "><marc:subfield code="a">PJ7745.S5</marc:subfield><marc:subfield code="b">M82x 1905</marc:subfield></marc:datafield><marc:datafield tag="100" ind1="1" ind2=" "><marc:subfield code="6">880-01</marc:subfield><marc:subfield code="a">Sijistānī, Abū Ḥātim Sahl ibn Muḥammad,</marc:subfield><marc:subfield code="d">-869.</marc:subfield></marc:datafield><marc:datafield tag="245" ind1="1" ind2="0"><marc:subfield code="6">880-02</marc:subfield><marc:subfield code="a">Kitāb al-muʻammirīn min al-ʻArab wa-ṭuraf min akhbārihim wa-mā qālūh fī muntahá aʻmārihim /</marc:subfield><marc:subfield code="c">taʼlīf al-imām Abī Ḥātim Sahl ibn Muḥammad ibn ʻUthmān al-Sijistānī al-Baṣrī, al-mutawaffá sanat 235 Hijrīyah ; riwāyat Abī Rūq al-Hamadānī ʻanhu, raḥmat Allāh ʻalayhimā ; ʻuniya bi-taṣḥīḥihi wa-taʻlīq ḥawāshīhi maʻa mā uḍīfa ilayhi min al-ziyādāt al-sayyid Muḥammad Amīn al-Khānjī al-Kutubī bi-qirāʼatihi ʻalá al-ustādh al-lughawī al-adīb al-shaykh Aḥmad ibn al-Amīn al-Shinqiṭī, nazīl al-Qāhirah.</marc:subfield></marc:datafield><marc:datafield tag="264" ind1=" " ind2="1"><marc:subfield code="6">880-03</marc:subfield><marc:subfield code="a">Miṣr :</marc:subfield><marc:subfield code="b">ṭubiʻ bi-Maṭbaʻat al-Saʻādah bi-jiwār Muḥāfaẓat Miṣr,</marc:subfield><marc:subfield code="c">1323 H, 1905 M.</marc:subfield></marc:datafield><marc:datafield tag="300" ind1=" " ind2=" "><marc:subfield code="a">90, 5 pages ;</marc:subfield><marc:subfield code="c">24 cm.</marc:subfield></marc:datafield><marc:datafield tag="336" ind1=" " ind2=" "><marc:subfield code="a">text</marc:subfield><marc:subfield code="b">txt</marc:subfield><marc:subfield code="2">rdacontent.</marc:subfield></marc:datafield><marc:datafield tag="337" ind1=" " ind2=" "><marc:subfield code="a">unmediated</marc:subfield><marc:subfield code="b">n</marc:subfield><marc:subfield code="2">rdamedia.</marc:subfield></marc:datafield><marc:datafield tag="338" ind1=" " ind2=" "><marc:subfield code="a">volume</marc:subfield><marc:subfield code="b">nc</marc:subfield><marc:subfield code="2">rdacarrier.</marc:subfield></marc:datafield><marc:datafield tag="500" ind1=" " ind2=" "><marc:subfield code="6">880-04</marc:subfield><marc:subfield code="a">&quot;Fāʼidah: Lā taʻidda al-ʻArab muʻammiran ilā man ʻāsha māʼitin wa-ʻishrīn fa-mā fawqahā .. wa-qīla māʼit sanah wa-ʻishrīn sanah fa-ṣāʻidan.&quot;</marc:subfield></marc:datafield><marc:datafield tag="500" ind1=" " ind2=" "><marc:subfield code="6">880-05</marc:subfield><marc:subfield code="a">Ṭubiʻa ʻalá nafaqat Aḥmad Nājī al-Jammālī wa-Muḥammad Amīn al-Khānjī wa-Akhīh.</marc:subfield></marc:datafield><marc:datafield tag="500" ind1=" " ind2=" "><marc:subfield code="a">Decorated title page.</marc:subfield></marc:datafield><marc:datafield tag="650" ind1=" " ind2="0"><marc:subfield code="a">Older people</marc:subfield><marc:subfield code="z">Arab countries</marc:subfield><marc:subfield code="v">Biography.</marc:subfield></marc:datafield><marc:datafield tag="650" ind1=" " ind2="0"><marc:subfield code="a">Longevity.</marc:subfield></marc:datafield><marc:datafield tag="700" ind1="1" ind2=" "><marc:subfield code="6">880-06</marc:subfield><marc:subfield code="a">Khānjī, Muḥammad Amīn,</marc:subfield><marc:subfield code="d">1865 or 1866-1939 or 1940.</marc:subfield></marc:datafield><marc:datafield tag="880" ind1="1" ind2="0"><marc:subfield code="6">245-02/(3/r</marc:subfield><marc:subfield code="a">كتاب المعمرين من العرب وطرف من أخبارهم وما قالوه في منتهى أعمارهم /‪</marc:subfield><marc:subfield code="c">تأليف الامام أبي حاتم سهل بن محمد بن عثمان السجستاني البصري، المتوفى سنة 235 هجرية ؛ رواية أبي روق الهمداني عنه، رحمة الله عليهما ؛ عني بتصحيحه وتعليق حواشيه مع ما أضيف اليه من الزيادات السيد محمد أمين الخانجي الكتبي بقراءته على الأستاذ اللغوي الأديب الشيخ أحمد بن الأمين الشنقطي، نزيل القاهرة..</marc:subfield></marc:datafield><marc:datafield tag="880" ind1="1" ind2=" "><marc:subfield code="6">100-01/(3/r</marc:subfield><marc:subfield code="a">سجستاني، أبو حاتم سهل بن محمد،،‪</marc:subfield><marc:subfield code="d">-869.</marc:subfield></marc:datafield><marc:datafield tag="880" ind1=" " ind2="1"><marc:subfield code="6">264-03/(3/r</marc:subfield><marc:subfield code="a">مصر :‪</marc:subfield><marc:subfield code="b">طبع بمطبعة السعادة بجوار محافظة مصر،‪</marc:subfield><marc:subfield code="c">1323 ه، 1905 م..</marc:subfield></marc:datafield><marc:datafield tag="880" ind1=" " ind2=" "><marc:subfield code="6">500-04/(3/r</marc:subfield><marc:subfield code="a">فائده: لا تعد العرب معمرا إلا من عاش مائة وعشرين فما فوقها .. وقيل مائة سنة وعشرين سنة فصاعدا..</marc:subfield></marc:datafield><marc:datafield tag="880" ind1=" " ind2=" "><marc:subfield code="6">500-05/(3/r</marc:subfield><marc:subfield code="a">طبع على نفقة أحمد ناجي الجمالي ومحمد أمين الخانجي وأخيه..</marc:subfield></marc:datafield><marc:datafield tag="880" ind1="1" ind2=" "><marc:subfield code="6">700-06/(3/r</marc:subfield><marc:subfield code="a">خانجي، محمد أمين،‪</marc:subfield><marc:subfield code="d">1865 or 1866-1939 or 1940.</marc:subfield></marc:datafield><marc:datafield tag="907" ind1=" " ind2=" "><marc:subfield code="a">.b12600386</marc:subfield><marc:subfield code="b">main </marc:subfield></marc:datafield><marc:datafield tag="902" ind1=" " ind2=" "><marc:subfield code="a">190825</marc:subfield></marc:datafield><marc:datafield tag="998" ind1=" " ind2=" "><marc:subfield code="b">2</marc:subfield><marc:subfield code="c">010128</marc:subfield><marc:subfield code="d">m</marc:subfield><marc:subfield code="e">~</marc:subfield><marc:subfield code="f">-</marc:subfield><marc:subfield code="g">0</marc:subfield><marc:subfield code="k">TA</marc:subfield></marc:datafield><marc:datafield tag="945" ind1=" " ind2=" "><marc:subfield code="l">main </marc:subfield></marc:datafield></marc:record>
</marc:collection>
